<?xml version="1.0" encoding="UTF-8"?><collection xmlns="http://www.loc.gov/MARC21/slim"><record><leader>00320nam--2200121-i-4500</leader><controlfield tag="001">000021133</controlfield><controlfield tag="002">20161230</controlfield><controlfield tag="005">20161230201034</controlfield><controlfield tag="008">060222s1000------------r-----000-0-eng-d</controlfield><datafield ind1=" " ind2=" " tag="245"><subfield code="a">Ion exchange tehnology</subfield></datafield><datafield ind1=" " ind2=" " tag="260"><subfield code="a">New York,Academic Press, 1956. X+660p. Cu Fig</subfield></datafield><datafield ind1=" " ind2=" " tag="700"><subfield code="a">Nachod, F.C. And Schubert, Jack</subfield></datafield><datafield ind1=" " ind2=" " tag="852"><subfield code="a">11730</subfield></datafield></record></collection>